<?xml version="1.0" encoding="UTF-8"?><collection xmlns="http://www.loc.gov/MARC21/slim"><record><leader>00452nam--2200169-i-4500</leader><controlfield tag="001">000001602</controlfield><controlfield tag="002">20161230</controlfield><controlfield tag="005">20170107120447</controlfield><controlfield tag="008">060222s1000------------r-----000-0-eng-d</controlfield><datafield ind1=" " ind2=" " tag="040"><subfield code="a">IFIN-HH</subfield></datafield><datafield ind1="1" ind2=" " tag="100"><subfield code="a">Erd¿s, P©Łl</subfield></datafield><datafield ind1=" " ind2=" " tag="245"><subfield code="a">Probabilistic methods in combinatorics</subfield><subfield code="c">Paul Erdos; Joel Spencer</subfield></datafield><datafield ind1=" " ind2=" " tag="260"><subfield code="a">Budapest</subfield><subfield code="b">Akad©♭miai Kiad©đ</subfield><subfield code="c">1974</subfield></datafield><datafield ind1=" " ind2=" " tag="300"><subfield code="a">106 p</subfield></datafield><datafield ind1=" " ind2=" " tag="700"><subfield code="a">Spencer, Joel</subfield></datafield><datafield ind1=" " ind2=" " tag="852"><subfield code="a">42669</subfield><subfield code="c">519.2</subfield></datafield><datafield ind1=" " ind2=" " tag="CAT"><subfield code="a">SYS</subfield><subfield code="c">20170107</subfield><subfield code="h">120447</subfield></datafield></record></collection>